<?xml version="1.0" encoding="UTF-8"?><record xmlns="http://www.loc.gov/MARC21/slim" xmlns:cinclude="http://apache.org/cocoon/include/1.0" xmlns:zs="http://www.loc.gov/zing/srw/">
  <leader>01237cz  a2200229n  4500</leader>
  <controlfield tag="001">n 2006200442</controlfield>
  <controlfield tag="003">DLC</controlfield>
  <controlfield tag="005">20161001075316.0</controlfield>
  <controlfield tag="008">060727n| azannaabn          |n aaa      </controlfield>
  <datafield tag="010" ind1=" " ind2=" ">
    <subfield code="a">n 2006200442</subfield>
  </datafield>
  <datafield tag="035" ind1=" " ind2=" ">
    <subfield code="a">(OCoLC)oca07007670</subfield>
  </datafield>
  <datafield tag="040" ind1=" " ind2=" ">
    <subfield code="a">DLC</subfield>
    <subfield code="b">eng</subfield>
    <subfield code="e">rda</subfield>
    <subfield code="c">DLC</subfield>
    <subfield code="d">TxSmTSU</subfield>
  </datafield>
  <datafield tag="100" ind1="1" ind2=" ">
    <subfield code="a">Rama, Kubi</subfield>
  </datafield>
  <datafield tag="370" ind1=" " ind2=" ">
    <subfield code="c">South Africa</subfield>
    <subfield code="2">naf</subfield>
  </datafield>
  <datafield tag="372" ind1=" " ind2=" ">
    <subfield code="a">Journalism</subfield>
    <subfield code="a">Gender identity in mass media</subfield>
    <subfield code="a">Gender identity--Law and legislation</subfield>
    <subfield code="2">lcsh</subfield>
  </datafield>
  <datafield tag="373" ind1=" " ind2=" ">
    <subfield code="a">Durban Institute of Technology</subfield>
    <subfield code="2">naf</subfield>
  </datafield>
  <datafield tag="373" ind1=" " ind2=" ">
    <subfield code="a">University of Natal</subfield>
    <subfield code="2">naf</subfield>
  </datafield>
  <datafield tag="374" ind1=" " ind2=" ">
    <subfield code="a">Journalists</subfield>
    <subfield code="a">College teachers</subfield>
    <subfield code="a">Lawyers</subfield>
    <subfield code="2">lcsh</subfield>
  </datafield>
  <datafield tag="375" ind1=" " ind2=" ">
    <subfield code="a">Females</subfield>
    <subfield code="2">lcdgt</subfield>
  </datafield>
  <datafield tag="377" ind1=" " ind2=" ">
    <subfield code="a">eng</subfield>
  </datafield>
  <datafield tag="670" ind1=" " ind2=" ">
    <subfield code="a">My views on the news!, c2005:</subfield>
    <subfield code="b">t.p. (Kubi Rama)</subfield>
  </datafield>
  <datafield tag="670" ind1=" " ind2=" ">
    <subfield code="a">SADC Gender Protocol 2014 barometer, 2014:</subfield>
    <subfield code="b">title page (Kubi Rama) page 4 (Kubi Rama (South Africa) is Gender Links' Chief of Operations; former CEO of the Gender and Media Southern Africa (GEMSA) Network; served at the Department of Journalism (Durban Institute of Technology) as a senior lecturer; currently completing her masters in Cultural and Media Studies at the former University of Natal. She holds an honours degree in Cultural and Media Studies and a bachelors degree in law, both from the former University of Natal.)</subfield>
  </datafield>
</record>